<?xml version="1.0" encoding="UTF-8"?>
<SOAP-ENV:Envelope xmlns:SOAP-ENV="http://schemas.xmlsoap.org/soap/envelope/" xmlns:of="http://oss.dbc.dk/ns/openformat" xmlns:ofo="http://oss.dbc.dk/ns/openformatoutput"><SOAP-ENV:Body><of:formatResponse><marc:record xmlns:marc="http://www.loc.gov/MARC21/slim"><leader>00000nim a22000000c 4500</leader><controlfield tag="001">870970:26505194</controlfield><controlfield tag="003">DKDLA</controlfield><controlfield tag="005">20081124180138.0</controlfield><controlfield tag="007">s|||||||||||||</controlfield><controlfield tag="007">t|</controlfield><controlfield tag="008">061030s2006    dk |||||||||||||||||dan||</controlfield><datafield ind1="1" ind2=" " tag="100"><subfield code="a">Westenholz, Anders,</subfield><subfield code="d">f. 1936</subfield></datafield><datafield ind1=" " ind2="0" tag="245"><subfield code="a">Mona Lisa på afveje</subfield></datafield><datafield ind1=" " ind2=" " tag="260"><subfield code="b">KKB-Lyd,</subfield><subfield code="c">[2006]</subfield></datafield><datafield ind1=" " ind2=" " tag="300"><subfield code="a">1 cd (</subfield><subfield code="e">mp3) </subfield><subfield code="a">1 bog (115 sider)</subfield></datafield><datafield ind1=" " ind2=" " tag="490"><subfield code="a">Læselyst ;</subfield><subfield code="v">13</subfield></datafield></marc:record></of:formatResponse></SOAP-ENV:Body></SOAP-ENV:Envelope>
